<?xml version="1.0" encoding="UTF-8"?><record xmlns="http://www.loc.gov/MARC21/slim" xmlns:cinclude="http://apache.org/cocoon/include/1.0" xmlns:zs="http://www.loc.gov/zing/srw/">
  <leader>00508nz  a2200145n  4500</leader>
  <controlfield tag="001">no2012060224</controlfield>
  <controlfield tag="003">DLC</controlfield>
  <controlfield tag="005">20120502075203.0</controlfield>
  <controlfield tag="008">120430n| acannaabn          |n aaa     c</controlfield>
  <datafield tag="010" ind1=" " ind2=" ">
    <subfield code="a">no2012060224</subfield>
  </datafield>
  <datafield tag="035" ind1=" " ind2=" ">
    <subfield code="a">(OCoLC)oca09185452</subfield>
  </datafield>
  <datafield tag="040" ind1=" " ind2=" ">
    <subfield code="a">PPi-MA</subfield>
    <subfield code="b">eng</subfield>
    <subfield code="c">PPi-MA</subfield>
  </datafield>
  <datafield tag="100" ind1="1" ind2=" ">
    <subfield code="a">Limón, Javier,</subfield>
    <subfield code="d">1973-</subfield>
  </datafield>
  <datafield tag="670" ind1=" " ind2=" ">
    <subfield code="a">Shankar, A. Traveller [SR] p2011:</subfield>
    <subfield code="b">container (Javier Limón, guitar)</subfield>
  </datafield>
  <datafield tag="670" ind1=" " ind2=" ">
    <subfield code="a">All music guide WWW site, Apr. 30, 2012</subfield>
    <subfield code="b">(Javier Limón; b. 1973, Madrid, Spain; composer, producer, and performer)</subfield>
  </datafield>
</record>